@book{knuth1984texbook,
  title={The TeXbook},
  author={Knuth, Donald Ervin and Bibby, Duane},
  volume={15},
  year={1984},
  publisher={Addison-Wesley Reading}
}

@book{lamport1985latex,
  title={LaTeX: A Document Preparation System},
  author={Lamport, Leslie},
  volume={410},
  year={1985},
  publisher={Addison-Wesley Professional; 2nd edition (June 30, 1994)}
}

@book{witten1999gigabytes,
  Author = {Ian H. Witten and Alistair Moffat and Timothy C. Bell},
  Edition = {2},
  Publisher = {Morgan Kaufmann},
  Title = {Managing Gigabytes: Compressing and Indexing Documents and Images},
  Year = {1999}
}

@book{lode2019better,
  title={Better Books with LaTeX: Self-Publish Your Book on Amazon and Google},
  author={Lode, Clemens},
  year={2019},
  publisher={Clemens Lode Verlag eK}
}

@misc{Valderhaug_Goksøyr_2022, title={Navigating new safety challenge after decade of progress}, url={https://www.dnv.com/expert-story/maritime-impact/navigating-new-safety-challenges-after-a-decade-of-progress/}, journal={DNV Industry Insight}, author={Valderhaug, Marianne Strand and Goksøyr, Øystein}, year={2022}, month=jan }